@book{langsci-current-book, editor = {Raphael Berthele and Isabelle Udry}, title = {{Individual differences{\strut } in early instructed language learning}}, subtitle = {{The role of language aptitude, cognition, and motivation}},year = {2021}, series = {Eurosla Studies}, number = {}, location = {Berlin}, publisher = {Language Science Press}, options = {dataonly=true} } 
